@article{mspra,
  author    = {Jos{\'{e}} A. Soto},
  title     = {Matroid Secretary Problem in the Random Assignment Model},
  journal   = {CoRR},
  volume    = {abs/1007.2152},
  year      = {2010},
  url       = {http://arxiv.org/abs/1007.2152},
  archivePrefix = {arXiv},
  eprint    = {1007.2152},
  timestamp = {Mon, 13 Aug 2018 16:46:03 +0200},
  biburl    = {https://dblp.org/rec/bib/journals/corr/abs-1007-2152},
  bibsource = {dblp computer science bibliography, https://dblp.org}
}
 
@inproceedings{msp,
author = {Babaioff, Moshe and Immorlica, Nicole and Kleinberg, Robert},
title = {Matroids, Secretary Problems, and Online Mechanisms},
year = {2007},
isbn = {9780898716245},
publisher = {Society for Industrial and Applied Mathematics},
address = {USA},
booktitle = {Proceedings of the Eighteenth Annual ACM-SIAM Symposium on Discrete Algorithms},
pages = {434–443},
numpages = {10},
location = {New Orleans, Louisiana},
series = {SODA ’07}
}

  
@article{who,
author = "Ferguson, Thomas S.",
doi = "10.1214/ss/1177012493",
fjournal = "Statistical Science",
journal = "Statist. Sci.",
month = "08",
number = "3",
pages = "282--289",
publisher = "The Institute of Mathematical Statistics",
title = "Who Solved the Secretary Problem?",
url = "https://doi.org/10.1214/ss/1177012493",
volume = "4",
year = "1989"
}

@online{matguy,
    title = {How I used mathematics to choose my next apartment},
    author = {David Wees},
    url = {https://davidwees.com/content/how-i-used-mathematics-choose-my-next-apartment/},
}

@online{hprof,
    title = {Is the solution to the secretary problem ever applied to real life situations?},
    author = {Joe Blitzstein},
    url = {https://qr.ae/TlzK7R},
}

@article{bguy,
author = {Bearden, Neil},
year = {2005},
month = {01},
pages = {},
title = {Skip the Square Root of n: A New Secretary Problem}
}

@misc{optlec,
  author        = {Luca Trevisan},
  title         = {Lecture notes in Optimization},
  month         = {March},
  year          = {2011},
  publisher={Stanford University}
}